@book{Sipserc2006,
  author = {Michael Sipser},
  title = {Introduction to the theory of computation},
  publisher = {Course Technology},
  address = {Boston},
  year = {2006},
  edition = {2nd ed},
  isbn = {05-349-5097-3},
}

@online{Dale2024,
  author = {Harshil Dale},
  title = {Difference Between NPDA and DPDA},
  year = {2024},
  urldate = {2024-04-21},
  url = {https://www.geeksforgeeks.org/difference-between-npda-and-dpda/},
}

@book{Kozen1997,
  author = {Dexter C. Kozen},
  title = {Automata and Computability},
  publisher = {Springer Science+Business Media},
  year = {1997},
  edition = {První},
  isbn = {0-387-94907-0},
}

@online{Kvapil2018,
  author = {Jiří Kvapil},
  title = {Lekce 1 - Úvod do TypeScriptu},
  year = {2018},
  urldate = {2024-04-21},
  url = {https://www.itnetwork.cz/javascript/typescript/uvod-do-typescriptu},
}

@online{Janca2017,
  author = {Marek Janča},
  title = {Webpack - moderní Web Development},
  year = {2017},
  urldate = {2024-04-21},
  url = {https://www.ackee.cz/blog/moderni-web-development-webpack},
}

@online{Obaseki2020,
  author = {Nosa Obaseki},
  title = {LocalStorage in JavaScript: A complete guide},
  year = {2020},
  urldate = {2024-04-21},
  url = {https://blog.logrocket.com/localstorage-javascript-complete-guide/},
}

@online{Buzatto2023,
  author = {David Buzatto},
  title = {YAAS},
  year = {2023},
  urldate = {2024-04-21},
  url = {https://github.com/davidbuzatto/YAAS},
}

@online{Rodriguez2018,
  author = {Daute Rodríguez Rodríguez},
  title = {PushdownAutomaton},
  year = {2018},
  urldate = {2024-04-21},
  url = {https://github.com/DauteRR/PushdownAutomaton},
}

@online{Bednarz2023,
  author = {Daniel Bednarz},
  title = {Simulace zásobníkových automatů},
  year = {2023},
  urldate = {2024-04-21},
  url = {https://dspace.vsb.cz/handle/10084/151687},
}

@online{Tailwind,
  title = {Tailwind},
  urldate = {2024-04-28},
  url = {https://tailwindcss.com/},
}

@online{Typescript,
  title = {Typescript},
  urldate = {2024-04-28},
  url = {https://www.typescriptlang.org/},
}

@online{Webpack,
  title = {Webpack},
  urldate = {2024-04-28},
  url = {https://webpack.js.org/},
}

@online{LocalStorage,
  title = {LocalStorage},
  urldate = {2024-04-28},
  url = {https://developer.mozilla.org/en-US/docs/Web/API/Window/localStorage},
}